<record><leader>00000cas a2200000 a 4500</leader><controlfield tag="001">11822145</controlfield><controlfield tag="008">850319d19441957ksuwr ne      0   a0eng d</controlfield><datafield ind1=" " ind2=" " tag="010"><subfield code="a">sn 85031024 </subfield></datafield><datafield ind1=" " ind2=" " tag="040"><subfield code="a">KSH</subfield><subfield code="b">eng</subfield><subfield code="c">KSH</subfield><subfield code="d">NPT</subfield><subfield code="d">OCL</subfield><subfield code="d">OCLCQ</subfield></datafield><datafield ind1=" " ind2=" " tag="042"><subfield code="a">msc</subfield></datafield><datafield ind1="0" ind2="4" tag="245"><subfield code="a">The Marion record-review.</subfield></datafield><datafield ind1=" " ind2=" " tag="260"><subfield code="a">Marion, Kan. :</subfield><subfield code="b">Riddle-Hoch Pub. Co.,</subfield><subfield code="c">1944-1957.</subfield></datafield><datafield ind1=" " ind2=" " tag="300"><subfield code="a">15 v. :</subfield><subfield code="b">ill. ;</subfield><subfield code="c">55 cm.</subfield></datafield><datafield ind1=" " ind2=" " tag="310"><subfield code="a">Weekly</subfield></datafield><datafield ind1="0" ind2=" " tag="362"><subfield code="a">Vol. 72, no. 25 (Mar. 2, 1944)-v. 87, no. 53 (Sept. 5, 1957).</subfield></datafield><datafield ind1=" " ind2=" " tag="500"><subfield code="a">Published by Wharton Hoch, May 6, 1948-Sept. 5, 1957.</subfield></datafield><datafield ind1=" " ind2=" " tag="752"><subfield code="a">United States</subfield><subfield code="b">Kansas</subfield><subfield code="c">Marion</subfield><subfield code="d">Marion.</subfield></datafield><datafield ind1="0" ind2="4" tag="780"><subfield code="t">Marion record</subfield><subfield code="w">(DLC)sn 85031022</subfield></datafield><datafield ind1="0" ind2="4" tag="780"><subfield code="t">Marion review</subfield><subfield code="w">(DLC)sn 85031023</subfield></datafield><datafield ind1="0" ind2="0" tag="785"><subfield code="t">Marion County record (Marion, Kan. : 1957)</subfield><subfield code="w">(DLC)sn 85031025</subfield></datafield></record>